<?xml version="1.0" encoding="UTF-8"?><collection xmlns="http://www.loc.gov/MARC21/slim"><record><leader>00683nam--2200205-u-4500</leader><controlfield tag="001">000053039</controlfield><controlfield tag="002">20161230</controlfield><controlfield tag="005">20161230201050</controlfield><controlfield tag="008">110103s1000------------r-----000-0-eng-d</controlfield><datafield ind1=" " ind2=" " tag="020"><subfield code="a">0720441250</subfield></datafield><datafield ind1=" " ind2=" " tag="040"><subfield code="a">IFIN-HH</subfield></datafield><datafield ind1=" " ind2=" " tag="080"><subfield code="a">537.533.35:577.1</subfield></datafield><datafield ind1="1" ind2=" " tag="100"><subfield code="a">Wisse, E</subfield></datafield><datafield ind1="1" ind2="0" tag="245"><subfield code="a">Electron microscopy and cytochemistry</subfield><subfield code="b">Proceedings of the second international symposium drienerlo, the netherlands, june 25-29, 1973</subfield><subfield code="c">E. WISSE; W.TH. DAEMS; I. MOLENAAR; P. VAN DUIJN (Eds.)</subfield></datafield><datafield ind1=" " ind2=" " tag="260"><subfield code="a">LONDON</subfield><subfield code="b">North-holland Publishiong Company</subfield><subfield code="c">1974</subfield></datafield><datafield ind1=" " ind2=" " tag="300"><subfield code="a">406P</subfield></datafield><datafield ind1=" " ind2=" " tag="490"><subfield code="a">Proceedings</subfield></datafield><datafield ind1="1" ind2=" " tag="700"><subfield code="a">Van Duijn, P</subfield><subfield code="e">Ed</subfield></datafield><datafield ind1=" " ind2=" " tag="852"><subfield code="a">81231</subfield><subfield code="c">537.533.35</subfield></datafield><datafield ind1=" " ind2=" " tag="CAT"><subfield code="a">Sys</subfield><subfield code="c">20110103</subfield><subfield code="h">142355</subfield></datafield></record></collection>